% Encoding: UTF-8

@Article{chicago,
  author  = {Stephanopoulos, Nicholas and McGhee, Eric},
  title   = {Partisan Gerrymandering and the Efficiency Gap},
  journal = {The University of Chicago Law Review},
  year    = {2014},
}

@Article{brennan,
  author  = {Royden, Laura and Li, Michael},
  title   = {Extreme Maps},
  journal = {Brennan Center for Justice: Twenty Years},
  year    = {2017},
}

@Book{griffith,
  title     = {The Rise and Development of the Gerrymander},
  publisher = {Scott, Foresman},
  year      = {1907},
  author    = {Griffith, Elmer Cummings},
}

@Article{distress,
  author  = {Grunwald, Michael},
  title   = {One Year Ago: The Republicans in Distress},
  journal = {Time},
  year    = {2009},
  month   = may,
  url     = {http://content.time.com/time/magazine/article/0,9171,1896736,00.html},
}

@Misc{house,
  title     = {Party Divisions of the House of Representatives},
  journal   = {United States House of Representatives},
  owner     = {United States House of Representatives},
  timestamp = {2017-11-27},
  url       = {http://history.house.gov/Institution/Party-Divisions/Party-Divisions/},
}

@Misc{redmap,
  title     = {2012 REDMAP Summary Report},
  month     = jan,
  year      = {2013},
  journal   = {Redistricting Majority Project},
  publisher = {Republican State Leadership Committee},
  url       = {http://www.redistrictingmajorityproject.com/},
}

@Article{maps,
  title   = {Who Draws the Maps? Legislative and Congressional Redistricting},
  journal = {Brennan Center for Justice: Twenty Years},
  year    = {2017},
  url     = {https://www.brennancenter.org/analysis/who-draws-maps-states-redrawing-congressional-and-state-district-lines},
}

@Article{bipartisan,
  author  = {Fitzpatrick, Brian},
  title   = {Bipartisan, forward-looking solutions on redistricting},
  journal = {The Hill},
  year    = {2017},
  month   = sep,
  url     = {http://thehill.com/blogs/congress-blog/politics/349704-bipartisan-forward-looking-solutions-on-redistricting},
}

@Article{wapo,
  author  = {Burden, Barry},
  title   = {Everything you need to know about the Supreme Court's big gerrymandering case},
  journal = {The Washington Post},
  year    = {2017},
  month   = oct,
  url     = {https://www.washingtonpost.com/news/monkey-cage/wp/2017/10/01/everything-you-need-to-know-about-the-supreme-courts-big-gerrymandering-case/?utm_term=.066ef1de20d4},
}

@Book{thornburg,
  title   = {Thornburg v. Gingles},
  publisher = {United States Supreme Court},
  url     = {https://www.oyez.org/cases/1985/83-1968},
  journal = {Oyez},
  year    = {1986},
  month   = {Jun}
}

@Book{gill,
  title   = {Gill v. Whitford},
  publisher = {United States Supreme Court},
  url     = {https://www.oyez.org/cases/2017/16-1161},
  journal = {Oyez},
  year    = {2017}
}

@Article{oneperson,
  title   = {Constitution Check: What does "one-person, one-vote" mean now?},
  publisher = {National Constitution Center},
  url     = {https://constitutioncenter.org/blog/constitution-check-what-does-one-person-one-vote-mean-now},
  journal = {Constitution Daily},
  year    = {2017}
}

@Article{population,
  author  = {Altman, Micah and McDonald, Michael},
  title   = {Equal Population},
  url     = {http://www.publicmapping.org/what-is-redistricting/redistricting-criteria-equal-population},
  journal = {Public Mapping Project}
  }
  
@Misc{govtrack,
  title   =  {Members of Congress},
  publisher = {Govtrack},
  url     =  {https://www.govtrack.us/congress/members},
  year    =  {2017}
  }

@Comment{jabref-meta: databaseType:bibtex;}
