% Encoding: UTF-8

@Article{chicago,
  key     = {Stephanopoulos},
  author  = {Stephanopoulos, Nicholas and McGhee, Eric},
  title   = {Partisan Gerrymandering and the Efficiency Gap},
  journal = {The University of Chicago Law Review},
  volume  = {831},
  year    = {2015},
}

@Article{chicagoformula,
  key     = {Stephanopoulos},
  author  = {Stephanopoulos, Nicholas and McGhee, Eric},
  title   = {Partisan Gerrymandering and the Efficiency Gap},
  journal = {The University of Chicago Law Review},
  volume  = {831},
  year    = {2015},
  pages    = {850},
}

@Article{chicagothreshold,
  key     = {Stephanopoulos},
  author  = {Stephanopoulos, Nicholas and McGhee, Eric},
  title   = {Partisan Gerrymandering and the Efficiency Gap},
  journal = {The University of Chicago Law Review},
  volume  = {831},
  year    = {2015},
  pages    = {885},
}

@Article{chicagouncontested,
  key     = {Stephanopoulos},
  author  = {Stephanopoulos, Nicholas and McGhee, Eric},
  title   = {Partisan Gerrymandering and the Efficiency Gap},
  journal = {The University of Chicago Law Review},
  volume  = {831},
  year    = {2015},
  pages    = {866-867},
}

@misc{brennan,
  key     = {Royden},
  author  = {Royden, Laura and Li, Michael},
  title   = {Extreme Maps},
  journal = {Brennan Center for Justice: Twenty Years},
  year    = {2017},
  pages   = {3},
}

@Book{griffith,
  key       = {Griffith},
  title     = {The Rise and Development of the Gerrymander},
  publisher = {Scott, Foresman},
  year      = {1907},
  author    = {Griffith, Elmer Cummings},
  pages     = {19-20},
}

@Article{distress,
key = {Grunwald},
  author  = {Grunwald, Michael},
  title   = {One Year Ago: The Republicans in Distress},
  journal = {Time},
  year    = {2009},
  month   = may,
  url     = {http://content.time.com/time/magazine/article/0,9171,1896736,00.html},
}

@Misc{house,
key = {United States House of Representatives},
  title     = {Party Divisions of the House of Representatives},
  journal   = {United States House of Representatives},
  owner     = {United States House of Representatives},
  timestamp = {2017-11-27},
  url       = {http://history.house.gov/Institution/Party-Divisions/Party-Divisions/},
}

@Misc{redmap,
key = {Republican State Leadership Committee},
  title     = {2012 REDMAP Summary Report},
  month     = jan,
  year      = {2013},
  journal   = {Redistricting Majority Project},
  publisher = {Republican State Leadership Committee},
  url       = {http://www.redistrictingmajorityproject.com/},
}

@Misc{maps,
  title   = {Who Draws the Maps? Legislative and Congressional Redistricting},
  year    = {2017},
  journal = {Brennan Center for Justice: Twenty Years},
  key     = {Brennan Center for Justice},
  url     = {https://www.brennancenter.org/analysis/who-draws-maps-states-redrawing-congressional-and-state-district-lines},
}

@Article{bipartisan,
key = {Fitzpatrick},
  author  = {Fitzpatrick, Brian},
  title   = {Bipartisan, forward-looking solutions on redistricting},
  journal = {The Hill},
  year    = {2017},
  month   = sep,
  url     = {http://thehill.com/blogs/congress-blog/politics/349704-bipartisan-forward-looking-solutions-on-redistricting},
}

@Article{wapo,
key = {Burden},
  author  = {Burden, Barry},
  title   = {Everything you need to know about the Supreme Court's big gerrymandering case},
  journal = {The Washington Post},
  year    = {2017},
  month   = oct,
  url     = {https://www.washingtonpost.com/news/monkey-cage/wp/2017/10/01/everything-you-need-to-know-about-the-supreme-courts-big-gerrymandering-case/?utm_term=.066ef1de20d4},
}

@Misc{thornburg,
  title     = {Thornburg v. Gingles},
  month     = {Jun},
  year      = {1986},
  journal   = {Oyez},
  key       = {United States Supreme Court},
  publisher = {United States Supreme Court},
  url       = {https://www.oyez.org/cases/1985/83-1968},
}

@Misc{gill,
  title     = {Gill v. Whitford},
  year      = {2017},
  journal   = {Oyez},
  key       = {United States Supreme Court},
  publisher = {United States Supreme Court},
  url       = {https://www.oyez.org/cases/2017/16-1161},
}

@Misc{oneperson,
  title     = {Constitution Check: What does "one-person, one-vote" mean now?},
  year      = {2017},
  journal   = {Constitution Daily},
  key       = {National Constitution Center},
  publisher = {National Constitution Center},
  url       = {https://constitutioncenter.org/blog/constitution-check-what-does-one-person-one-vote-mean-now},
}

@Article{population,
  author  = {Altman, Micah and McDonald, Michael},
  title   = {Equal Population},
  journal = {Public Mapping Project},
  year    = {2017},
  key     = {Altman},
  url     = {http://www.publicmapping.org/what-is-redistricting/redistricting-criteria-equal-population},
}
  
@Misc{govtrack,
key = {Govtrack},
  title   =  {Members of Congress},
  publisher = {Govtrack},
  url     =  {https://www.govtrack.us/congress/members},
  year    =  {2017}
  }

@Misc{gilltranscript,
  title     = {Oral Arguments - Gill v. Whitford},
  month     = {October},
  year      = {2017},
  journal   = {United State Supreme Court},
  key       = {United States Supreme Court},
  publisher = {United States Supreme Court},
}

@Article{analysis,
  author    = {Wolf, Richard},
  title     = {Analysis: Supreme Court debates politics, and silence speaks volumes},
  journal   = {USA Today},
  year      = {2017},
  month     = oct,
  day       = {3},
  key       = {Wolf},
  publisher = {USA Today},
  url       = {https://www.usatoday.com/story/news/politics/2017/10/03/supreme-court-debates-politics-and-kennedys-silence-speaks-volumes/725185001/},
}

@Misc{houseresults,
key = {Ballotpedia},
  title = {Indiana House of Representatives elections},
  publisher = {Ballotpedia},
  url = {https://ballotpedia.org/Indiana_House_of_Representatives_elections,_2016},
  year = {2016}
}

@Misc{senateresults2016,
key = {Ballotpedia},
  title = {Indiana State Senate elections},
  publisher = {Ballotpedia},
  url = {https://ballotpedia.org/Indiana_State_Senate_elections,_2016},
  year = {2016}
}

@Misc{senateresults2014,
key = {Ballotpedia},
  title = {Indiana State Senate elections},
  publisher = {Ballotpedia},
  url = {https://ballotpedia.org/Indiana_State_Senate_elections,_2014},
  year = {2014}
}

@Article{libertarian,
  author    = {Berenson, Tessa},
  title     = {Third Parties Faded to the Background in a Shocking Election},
  journal   = {Time},
  year      = {2016},
  month     = nov,
  day       = {9},
  key       = {Berenson},
  publisher = {Time},
  url       = {http://time.com/4562735/third-parties-election-results-gary-johnson-jill-stein-evan-mcmullin/},
}

@misc{2014turnout,
key = {PBS},
  title = {2014 midterm election turnout lowest in 70 years},
  publisher = {PBS},
  journal = {PBS News Hour},
  url = {https://www.pbs.org/newshour/politics/2014-midterm-election-turnout-lowest-in-70-years},
  year = {2014},
  month = nov,
  day = 10,
}

@misc{2016turnout,
key = {Indiana Secretary of State},
  title = {2016 Election Turnout and Registration},
  url = {https://www.in.gov/sos/elections/files/2016_General_Election_Turnout.pdf},
  publisher = {Indiana Secretary of State},
  year = {2016},
  month = nov,
  day = 8,
}

@article{cohn,
key = {Cohn},
  title = {Democrats Are Bad at Midterm Turnout. That Seems Ready to Change.},
  author = {Cohn, Nate},
  url = {https://www.nytimes.com/2017/04/05/upshot/democrats-are-bad-at-midterm-turnout-that-seems-ready-to-change.html},
  publisher = {The New York Times Company},
  journal = {The New York Times},
  year = {2017},
}

@article{winkelman,
key = {Winkelman},
  title = {Symposium: Mind the gap? The efficiency gap, its failures and the "problem" of geography and choice in redistricting},
  author = {Winkelman, Chris and Gordon, Phillip},
  url = {http://www.scotusblog.com/2017/08/symposium-mind-gap-efficiency-gap-failures-problem-geography-choice-redistricting/},
  journal = {SCOTUSblog},
  year = {2017},
  month = aug,
  day = 8
}

@article{levin,
key = {Levin},
  title = {Measuring a Gerrymander},
  author = {Levin, Daniel Z.},
  journal = {Michigan Journal of Political Science},
  publisher = {University of Michigan},
  pages = {63-67},
  volume = {9},
  year = {1988},
  url = {http://www.levin.rutgers.edu/research/gerrymandering-paper.pdf}
}

@Article{warrington,
  author    = {Warrington, Gregory S.},
  title     = {Quantifying gerrymandering using the vote distribution},
  journal   = {Cornell University},
  year      = {2017},
  month     = may,
  day       = {15},
  key       = {Warrington},
  publisher = {University of Vermont},
  url       = {https://arxiv.org/pdf/1705.09393.pdf},
}

@Comment{jabref-meta: databaseType:bibtex;}
