@misc{indcrashmap, url={https://www.in.gov/isp/ispCrashApp/main.html}, journal={Daily Crash Prediction}, publisher={Indiana State Police}}
@book{pence, number={14-06}, year={2014}, pages={2}}
@misc{govtech, title={Indiana Launches Predictive Crash Tool for Citizens, First Responders}, url={http://www.govtech.com/data/Indiana-Launches-Predictive-Crash-Tool-for-Citizens-First-Responders.html}, journal={Government Technology: State & Local Government News Articles}, publisher={Government Technology}, author={Eidam, Eyragon}, year={2016}, month={Nov}}
@misc{iihs, title={General statistics}, url={http://www.iihs.org/iihs/topics/t/general-statistics/fatalityfacts/overview-of-fatality-facts}, journal={IIHS}, publisher={Insurance Institute for Highway Safety}}
@misc{gcn, title={Crash analytics: How data can help eliminate highway deaths}, url={https://gcn.com/articles/2012/04/20/data-analytics-traffic-safety-toward-zero-deaths.aspx}, journal={GCN}, publisher={1105 Public Sector Media Group}, author={Savage, Melissa}, year={2012}, month={Apr}}
@misc{pew, title={Troopers Use 'Big Data' to Predict Crash Sites}, url={http://www.pewtrusts.org/en/research-and-analysis/blogs/stateline/2017/02/09/troopers-use-big-data-to-predict-crash-sites}, journal={The Pew Charitable Trusts}, publisher={The Pew Charitable Trusts}, author={Bergal, Jenni}, year={2017}, month={Feb}}
@article{tennessee, url={https://www.tn.gov/assets/entities/safety/attachments/Technology_v1.pdf}, journal={State of Tennessee}, year={2016}}
@misc{statescoop, title={Indiana State Police unveil Daily Crash Prediction Map}, url={http://statescoop.com/indiana-state-police-unveil-car-crash-forecast-map-to-help-reduce-traffic-accidents-in-indiana}, journal={StateScoop}, publisher={StateScoop}, author={Carmen, Mackenzie}, year={2016}, month={Nov}}
